@misc{CodeIntro,
    author = {Guruswami, Venkatesan},
    title = {Introduction to Coding Theory},
    howpublished = {http://www.cs.cmu.edu/~venkatg/teaching/codingtheory/notes/notes1.pdf},
    note = {Accessed: 26/01/2018},
}

@article{Hamming,
    author = {Hamming, R. W.},
    title = {Error detecting and error correcting codes},
    year = {1950},
    journal = {The Bell System Technical Journal},
    volume = {26},
    number = {2},
    pages = {147--160},
    note = {Accessed 26/01/2018 via http://sb.fluomedia.org/hamming/},
}

@article{HammingBarcodes,
    author = {Bystrykh, Leonid V.},
    title = {Generalized DNA Barcode Design Based on Hamming Codes},
    year = {2012},
    journal = {PLOS ONE},
    note = {Accessed 2/02/2018 via http://journals.plos.org/plosone/article?id=10.1371/journal.pone.0036852},
}

@article{Shannon,
    author = {Shannon, C. E.},
    title = {A Mathematical Theory of Communication},
    year = {1948},
    journal = {The Bell System Technical Journal},
    volume = {27},
    pages = {379–423, 623–656},
    note = {Accessed 2/02/2018 via http://affect-reason-utility.com/1301/4/shannon1948.pdf},
}
